@book{McConnell:2004,
        author    = {McConnell, Steve},
        title     = {Code Complete, Second Edition},
        year      = {2004},
        isbn      = {0735619670},
        publisher = {Microsoft Press},
        address   = {Redmond, WA, USA},
}

@book{Vandevoorde:2002,
        author    = {Vandevoorde, David and Josuttis, Nicolai M.},
        day       = {22},
        isbn      = {0201734842},
        month     = {November},
        priority  = {2},
        publisher = {Addison-Wesley Professional},
        title     = {{C++ Templates: The Complete Guide}},
        year      = {2002}
}

@book{Tanenbaum:2003,
	author    = {Tanenbaum, Andrew},
	title     = {Computer Networks},
	year      = {2003},
	edition   = {4},
	publisher = {Pearson Education},
	isbn      = {9783827370464}
}

@misc{Papula:2007,
        title     = {{M}athematik für {I}ngenieure und {N}aturwissenschaftler {K}lausur- und {Ü}bungsaufgaben},
        author    = {Lothar Papula},
        publisher = {Friedr. Vieweg \& Sohn Verlag / GWV Fachverlage GmbH, Wiesbaden},
        year      = {2007},
        url       = {http://ebooks.ub.uni-muenchen.de/16655/}
}


@inproceedings{Bailey:1981,
        author    = {Bailey, C. T. and Dingee, W. L.},
        title     = {A software study using Halstead metrics},
        booktitle = {Proceedings of the 1981 ACM workshop/symposium on Measurement 
                     and evaluation of software quality},
        year      = {1981},
        isbn      = {0-89791-038-9},
        pages     = {189--197},
        numpages  = {9},
        doi       = {10.1145/800003.807928},
        acmid     = {807928},
        publisher = {ACM},
        address   = {New York, NY, USA},
} 

@techreport{Yacoub:1998,
        author               = {Yacoub, Sherif M. and Ammar, Hany H.},
        booktitle            = {Pattern Languages of Programs},
        citeulike-article-id = {4214793},
        comment              = {extensions and refinements of the basic state pattern (GHJV95), 
				which has a dedicated class for each state that is switched on
				state change.  in particular, gives some more detail on the state 
				transition mechanism and state organization (hierarchical, 
				orthogonal, etc.)},
        keywords             = {models, patterns, software\_engineering},
        posted-at            = {2009-03-24 16:08:42},
        priority             = {0},
        title                = {A Pattern Language of Statecharts},
        no                   = {TR #WUCS-98-25},
        year                 = {1998},
	note		     = {Presented at PLoP 1998.},
	url		     = {http://hillside.net/plop/plop98/final_submissions/P22.pdf}
}


@article{Renaud:2004,
        author      = {Renaud, Karen},
        title       = {Quantifying the quality of web authentication mechanisms: a usability perspective},
        journal     = {J. Web Eng.},
        issue_date  = {October 2004},
        volume      = {3},
        issue       = {2},
        month       = {October},
        year        = {2004},
        issn        = {1540-9589},
        pages       = {95--123},
        numpages    = {29},
        url         = {http://dl.acm.org/citation.cfm?id=2011143.2011146},
        acmid       = {2011146},
        publisher   = {Rinton Press, Incorporated},
        address     = {Paramus, NJ},
        keywords    = {accessibility, authentication, memorability, metric, security, vulnerability},
}


@book{Souders:2007,
        author    = {Souders, Steve},
        isbn      = {0596529309},
        month     = {September},
        publisher = {O'Reilly},
        title     = {High Performance Web Sites: Essential Knowledge for Front-End Engineers},
        year      = {2007},
        address   = {Sebastopol, CA}
}


@article{Fielding:2002,
	author    = {Fielding, Roy T. and Taylor, Richard N.},
	title     = {Principled design of the modern Web architecture},
	journal   = {ACM Trans. Internet Technol.},
	volume    = {2},
	issue     = {2},
	month     = {May},
	year      = {2002},
	issn      = {1533-5399},
	pages     = {115--150},
	numpages  = {36},
	doi       = {10.1145/514183.514185},
	acmid     = {514185},
	publisher = {ACM},
	address   = {New York, NY, USA},
	keywords  = {Network-based applications, REST, World Wide Web},
}

@mastersthesis{Taras:2006, 
	Author = {Christiane Taras},
	School = {Universit{\"a}t Stuttgart},
	Title  = {Modelle zur Wartbarkeit von Software},
	Url    = {http://elib.uni-stuttgart.de/opus/volltexte/2006/2650},
	Year   = {2006}
}


@unpublished{Schmidt:2011, 
	Author = {Matthias Schmidt},
	School = {Fachhochschule Salzburg},
	Title  = {Improving social activity streams with document-oriented databases},
	Note   = {unver\"offentlichte Bachelorarbeit. Fachhochschule Salzburg.},
	Year   = {2011}
}

@phdthesis{Fielding:2000,
	author  = {R. T. Fielding},
	title   = {Architectural styles and the design of network-based software architectures},
	school  = {University of California, Irvine},
	address = {California Irvine},
	year    = {2000}
}


@manual{jQueryDoc, 
        author       = {{jQuery Project, the}},
        title        = {jQuery Documentation}, 
        urldate      = {2012-01-01},
        year         = {\bibstring{nodate}},
        url          = {http://docs.jquery.com}, 
        organization = {The jQuery Project}
}


@InReference{wikipedia:bibtex,
        title      = {Wikipedia},
        lista      = {BibTeX},
        url        = {http://de.wikipedia.org/wiki/BibTeX},
        urldate    = {1012-01-28},
        annotation = {die URL verweist auf die aktuellste Version des Artikels, nicht
                auf genau den, den ich gesehen habe}
}

@InReference{wikipedia:latex,
        title      = {Wikipedia},
        lista      = {LaTeX},
        url        = {http://de.wikipedia.org/w/index.php?title=LaTeX&oldid=98876747},
        urldate    = {2012-01-28},
        annotation = {hier verweise ich auf die exakte version, die ich
                gesehen habe, nicht auf die aktuellste Version}
}
